@book{winkler1996,
	title =     "Polynomial algorithms in computer algebra",
	author =    "Franz Winkler",
	publisher = "Springer",
	isbn =      "3211827595,9783211827598",
	year =      "1996",
	series =    "Texts and monographs in symbolic computation",
}

@book{modernComputerAlgebra,
	title =     "Modern Computer Algebra - Third Edition",
	author =    "Joachim von zur Gathen",
	publisher = "Cambridge University Press",
	year =      "2013",
}

@book{modularInteger,
	title =     "A modular integer GCD algorithm",
	author =    "Kenneth Weber and Vilmar Trevisan and Luiz Felipe Martins",
	publisher = "Elsevier Inc.",
	year =      "2004",
}

@book{polyGCD,
	title =     "On Euclid's Algorithm and the Computation of Polynomial Greatest Common Divisor",
	author =    "W.S.Brown",
	publisher = "Bell Telephone Laboratories, Incorporated, Murray Hill, New Jearsey",
	year =      "1971",
}